%YAML 1.1
%TAG !u! tag:unity3d.com,2011:
--- !u!1 &4918820093082652917
GameObject:
  m_ObjectHideFlags: 0
  m_CorrespondingSourceObject: {fileID: 0}
  m_PrefabInstance: {fileID: 0}
  m_PrefabAsset: {fileID: 0}
  serializedVersion: 6
  m_Component:
  - component: {fileID: 3650167646807088234}
  m_Layer: 0
  m_Name: ShotPoint
  m_TagString: Untagged
  m_Icon: {fileID: 0}
  m_NavMeshLayer: 0
  m_StaticEditorFlags: 0
  m_IsActive: 1
--- !u!4 &3650167646807088234
Transform:
  m_ObjectHideFlags: 0
  m_CorrespondingSourceObject: {fileID: 0}
  m_PrefabInstance: {fileID: 0}
  m_PrefabAsset: {fileID: 0}
  m_GameObject: {fileID: 4918820093082652917}
  m_LocalRotation: {x: -0, y: -0, z: -0, w: 1}
  m_LocalPosition: {x: -13.159998, y: -2.68313, z: -4.0218873}
  m_LocalScale: {x: 1, y: 1, z: 1}
  m_Children: []
  m_Father: {fileID: 1835523248392728882}
  m_RootOrder: 2
  m_LocalEulerAnglesHint: {x: 0, y: 0, z: 0}
--- !u!1 &6432644636278403352
GameObject:
  m_ObjectHideFlags: 0
  m_CorrespondingSourceObject: {fileID: 0}
  m_PrefabInstance: {fileID: 0}
  m_PrefabAsset: {fileID: 0}
  serializedVersion: 6
  m_Component:
  - component: {fileID: 1835523248392728882}
  m_Layer: 0
  m_Name: RocketLauncher Lv3
  m_TagString: Untagged
  m_Icon: {fileID: 0}
  m_NavMeshLayer: 0
  m_StaticEditorFlags: 0
  m_IsActive: 1
--- !u!4 &1835523248392728882
Transform:
  m_ObjectHideFlags: 0
  m_CorrespondingSourceObject: {fileID: 0}
  m_PrefabInstance: {fileID: 0}
  m_PrefabAsset: {fileID: 0}
  m_GameObject: {fileID: 6432644636278403352}
  m_LocalRotation: {x: 0, y: 0, z: 0, w: 1}
  m_LocalPosition: {x: 964.56036, y: 1728.5607, z: 743.72015}
  m_LocalScale: {x: 5.3, y: 5.3, z: 5.3}
  m_Children:
  - {fileID: 7178107655569406276}
  - {fileID: 1621308777947203588}
  - {fileID: 3650167646807088234}
  m_Father: {fileID: 0}
  m_RootOrder: 0
  m_LocalEulerAnglesHint: {x: 0, y: 0, z: 0}
--- !u!1001 &1621308777947075204
PrefabInstance:
  m_ObjectHideFlags: 0
  serializedVersion: 2
  m_Modification:
    m_TransformParent: {fileID: 1835523248392728882}
    m_Modifications:
    - target: {fileID: 100000, guid: 4aa785749bdf8a4429b6e67c530ecf76, type: 3}
      propertyPath: m_Name
      value: Base_RocketTower_L03
      objectReference: {fileID: 0}
    - target: {fileID: 400000, guid: 4aa785749bdf8a4429b6e67c530ecf76, type: 3}
      propertyPath: m_RootOrder
      value: 1
      objectReference: {fileID: 0}
    - target: {fileID: 400000, guid: 4aa785749bdf8a4429b6e67c530ecf76, type: 3}
      propertyPath: m_LocalPosition.x
      value: 0
      objectReference: {fileID: 0}
    - target: {fileID: 400000, guid: 4aa785749bdf8a4429b6e67c530ecf76, type: 3}
      propertyPath: m_LocalPosition.y
      value: 0
      objectReference: {fileID: 0}
    - target: {fileID: 400000, guid: 4aa785749bdf8a4429b6e67c530ecf76, type: 3}
      propertyPath: m_LocalPosition.z
      value: 0
      objectReference: {fileID: 0}
    - target: {fileID: 400000, guid: 4aa785749bdf8a4429b6e67c530ecf76, type: 3}
      propertyPath: m_LocalRotation.w
      value: 1
      objectReference: {fileID: 0}
    - target: {fileID: 400000, guid: 4aa785749bdf8a4429b6e67c530ecf76, type: 3}
      propertyPath: m_LocalRotation.x
      value: -0
      objectReference: {fileID: 0}
    - target: {fileID: 400000, guid: 4aa785749bdf8a4429b6e67c530ecf76, type: 3}
      propertyPath: m_LocalRotation.y
      value: -0
      objectReference: {fileID: 0}
    - target: {fileID: 400000, guid: 4aa785749bdf8a4429b6e67c530ecf76, type: 3}
      propertyPath: m_LocalRotation.z
      value: -0
      objectReference: {fileID: 0}
    - target: {fileID: 400000, guid: 4aa785749bdf8a4429b6e67c530ecf76, type: 3}
      propertyPath: m_LocalEulerAnglesHint.x
      value: 0
      objectReference: {fileID: 0}
    - target: {fileID: 400000, guid: 4aa785749bdf8a4429b6e67c530ecf76, type: 3}
      propertyPath: m_LocalEulerAnglesHint.y
      value: 0
      objectReference: {fileID: 0}
    - target: {fileID: 400000, guid: 4aa785749bdf8a4429b6e67c530ecf76, type: 3}
      propertyPath: m_LocalEulerAnglesHint.z
      value: 0
      objectReference: {fileID: 0}
    - target: {fileID: 2300000, guid: 4aa785749bdf8a4429b6e67c530ecf76, type: 3}
      propertyPath: m_Materials.Array.data[0]
      value: 
      objectReference: {fileID: 2100000, guid: 858f11518ae58354495c396e74c6dfcf, type: 2}
    m_RemovedComponents: []
  m_SourcePrefab: {fileID: 100100000, guid: 4aa785749bdf8a4429b6e67c530ecf76, type: 3}
--- !u!4 &1621308777947203588 stripped
Transform:
  m_CorrespondingSourceObject: {fileID: 400000, guid: 4aa785749bdf8a4429b6e67c530ecf76, type: 3}
  m_PrefabInstance: {fileID: 1621308777947075204}
  m_PrefabAsset: {fileID: 0}
--- !u!1001 &7178107655569793988
PrefabInstance:
  m_ObjectHideFlags: 0
  serializedVersion: 2
  m_Modification:
    m_TransformParent: {fileID: 1835523248392728882}
    m_Modifications:
    - target: {fileID: 100000, guid: 21a223306e027284aaf3f4441ef84acc, type: 3}
      propertyPath: m_Name
      value: Turret_RocketTower_L03
      objectReference: {fileID: 0}
    - target: {fileID: 400000, guid: 21a223306e027284aaf3f4441ef84acc, type: 3}
      propertyPath: m_RootOrder
      value: 0
      objectReference: {fileID: 0}
    - target: {fileID: 400000, guid: 21a223306e027284aaf3f4441ef84acc, type: 3}
      propertyPath: m_LocalPosition.x
      value: -0.022338867
      objectReference: {fileID: 0}
    - target: {fileID: 400000, guid: 21a223306e027284aaf3f4441ef84acc, type: 3}
      propertyPath: m_LocalPosition.y
      value: 0.88427734
      objectReference: {fileID: 0}
    - target: {fileID: 400000, guid: 21a223306e027284aaf3f4441ef84acc, type: 3}
      propertyPath: m_LocalPosition.z
      value: -0.33312988
      objectReference: {fileID: 0}
    - target: {fileID: 400000, guid: 21a223306e027284aaf3f4441ef84acc, type: 3}
      propertyPath: m_LocalRotation.w
      value: 1
      objectReference: {fileID: 0}
    - target: {fileID: 400000, guid: 21a223306e027284aaf3f4441ef84acc, type: 3}
      propertyPath: m_LocalRotation.x
      value: -0
      objectReference: {fileID: 0}
    - target: {fileID: 400000, guid: 21a223306e027284aaf3f4441ef84acc, type: 3}
      propertyPath: m_LocalRotation.y
      value: -0
      objectReference: {fileID: 0}
    - target: {fileID: 400000, guid: 21a223306e027284aaf3f4441ef84acc, type: 3}
      propertyPath: m_LocalRotation.z
      value: -0
      objectReference: {fileID: 0}
    - target: {fileID: 400000, guid: 21a223306e027284aaf3f4441ef84acc, type: 3}
      propertyPath: m_LocalEulerAnglesHint.x
      value: 0
      objectReference: {fileID: 0}
    - target: {fileID: 400000, guid: 21a223306e027284aaf3f4441ef84acc, type: 3}
      propertyPath: m_LocalEulerAnglesHint.y
      value: 0
      objectReference: {fileID: 0}
    - target: {fileID: 400000, guid: 21a223306e027284aaf3f4441ef84acc, type: 3}
      propertyPath: m_LocalEulerAnglesHint.z
      value: 0
      objectReference: {fileID: 0}
    - target: {fileID: 2300000, guid: 21a223306e027284aaf3f4441ef84acc, type: 3}
      propertyPath: m_Materials.Array.data[0]
      value: 
      objectReference: {fileID: 2100000, guid: 858f11518ae58354495c396e74c6dfcf, type: 2}
    m_RemovedComponents: []
  m_SourcePrefab: {fileID: 100100000, guid: 21a223306e027284aaf3f4441ef84acc, type: 3}
--- !u!4 &7178107655569406276 stripped
Transform:
  m_CorrespondingSourceObject: {fileID: 400000, guid: 21a223306e027284aaf3f4441ef84acc, type: 3}
  m_PrefabInstance: {fileID: 7178107655569793988}
  m_PrefabAsset: {fileID: 0}
