%YAML 1.1
%TAG !u! tag:unity3d.com,2011:
--- !u!1 &1221563453626500357
GameObject:
  m_ObjectHideFlags: 0
  m_CorrespondingSourceObject: {fileID: 0}
  m_PrefabInstance: {fileID: 0}
  m_PrefabAsset: {fileID: 0}
  serializedVersion: 6
  m_Component:
  - component: {fileID: 8913512653774598971}
  - component: {fileID: -7529069641839130716}
  m_Layer: 0
  m_Name: RocketLauncherLv2
  m_TagString: Untagged
  m_Icon: {fileID: 0}
  m_NavMeshLayer: 0
  m_StaticEditorFlags: 0
  m_IsActive: 1
--- !u!4 &8913512653774598971
Transform:
  m_ObjectHideFlags: 0
  m_CorrespondingSourceObject: {fileID: 0}
  m_PrefabInstance: {fileID: 0}
  m_PrefabAsset: {fileID: 0}
  m_GameObject: {fileID: 1221563453626500357}
  m_LocalRotation: {x: 0, y: 0, z: 0, w: 1}
  m_LocalPosition: {x: 944.41266, y: 1732.9846, z: 729.78357}
  m_LocalScale: {x: 5.3, y: 5.3, z: 5.3}
  m_Children:
  - {fileID: 2774504402166828706}
  - {fileID: 1948243895765828675}
  - {fileID: 2345676465652068070}
  m_Father: {fileID: 0}
  m_RootOrder: 0
  m_LocalEulerAnglesHint: {x: 0, y: 0, z: 0}
--- !u!114 &-7529069641839130716
MonoBehaviour:
  m_ObjectHideFlags: 0
  m_CorrespondingSourceObject: {fileID: 0}
  m_PrefabInstance: {fileID: 0}
  m_PrefabAsset: {fileID: 0}
  m_GameObject: {fileID: 1221563453626500357}
  m_Enabled: 1
  m_EditorHideFlags: 0
  m_Script: {fileID: 11500000, guid: f4e8081d635130c4cbfb7c034ac44363, type: 3}
  m_Name: 
  m_EditorClassIdentifier: 
  attackRange: 55
  cooldownTime: 0.35
  fireRate: 0.5
  partToRotate: {fileID: 2774504402166828706}
  turnSpeed: 10
  firePoint: {fileID: 2345676465652068070}
  bulletPrefab: {fileID: 8007379669311852063, guid: edd8bdcfc9586ba408ae8a28993316e4, type: 3}
--- !u!1 &1486325760485994809
GameObject:
  m_ObjectHideFlags: 0
  m_CorrespondingSourceObject: {fileID: 0}
  m_PrefabInstance: {fileID: 0}
  m_PrefabAsset: {fileID: 0}
  serializedVersion: 6
  m_Component:
  - component: {fileID: 2345676465652068070}
  m_Layer: 0
  m_Name: ShotPoint
  m_TagString: Untagged
  m_Icon: {fileID: 0}
  m_NavMeshLayer: 0
  m_StaticEditorFlags: 0
  m_IsActive: 1
--- !u!4 &2345676465652068070
Transform:
  m_ObjectHideFlags: 0
  m_CorrespondingSourceObject: {fileID: 0}
  m_PrefabInstance: {fileID: 0}
  m_PrefabAsset: {fileID: 0}
  m_GameObject: {fileID: 1486325760485994809}
  m_LocalRotation: {x: -0, y: -0, z: -0, w: 1}
  m_LocalPosition: {x: 0, y: 1.21, z: 1.678}
  m_LocalScale: {x: 1, y: 1, z: 1}
  m_Children: []
  m_Father: {fileID: 8913512653774598971}
  m_RootOrder: 2
  m_LocalEulerAnglesHint: {x: 0, y: 0, z: 0}
--- !u!1001 &1948243895765966531
PrefabInstance:
  m_ObjectHideFlags: 0
  serializedVersion: 2
  m_Modification:
    m_TransformParent: {fileID: 8913512653774598971}
    m_Modifications:
    - target: {fileID: 100000, guid: fa4acce95fc047742be9349270a5ad7e, type: 3}
      propertyPath: m_Name
      value: Base_RocketTower_L02
      objectReference: {fileID: 0}
    - target: {fileID: 400000, guid: fa4acce95fc047742be9349270a5ad7e, type: 3}
      propertyPath: m_RootOrder
      value: 1
      objectReference: {fileID: 0}
    - target: {fileID: 400000, guid: fa4acce95fc047742be9349270a5ad7e, type: 3}
      propertyPath: m_LocalPosition.x
      value: 0
      objectReference: {fileID: 0}
    - target: {fileID: 400000, guid: fa4acce95fc047742be9349270a5ad7e, type: 3}
      propertyPath: m_LocalPosition.y
      value: 0
      objectReference: {fileID: 0}
    - target: {fileID: 400000, guid: fa4acce95fc047742be9349270a5ad7e, type: 3}
      propertyPath: m_LocalPosition.z
      value: 0
      objectReference: {fileID: 0}
    - target: {fileID: 400000, guid: fa4acce95fc047742be9349270a5ad7e, type: 3}
      propertyPath: m_LocalRotation.w
      value: 1
      objectReference: {fileID: 0}
    - target: {fileID: 400000, guid: fa4acce95fc047742be9349270a5ad7e, type: 3}
      propertyPath: m_LocalRotation.x
      value: -0
      objectReference: {fileID: 0}
    - target: {fileID: 400000, guid: fa4acce95fc047742be9349270a5ad7e, type: 3}
      propertyPath: m_LocalRotation.y
      value: -0
      objectReference: {fileID: 0}
    - target: {fileID: 400000, guid: fa4acce95fc047742be9349270a5ad7e, type: 3}
      propertyPath: m_LocalRotation.z
      value: -0
      objectReference: {fileID: 0}
    - target: {fileID: 400000, guid: fa4acce95fc047742be9349270a5ad7e, type: 3}
      propertyPath: m_LocalEulerAnglesHint.x
      value: 0
      objectReference: {fileID: 0}
    - target: {fileID: 400000, guid: fa4acce95fc047742be9349270a5ad7e, type: 3}
      propertyPath: m_LocalEulerAnglesHint.y
      value: 0
      objectReference: {fileID: 0}
    - target: {fileID: 400000, guid: fa4acce95fc047742be9349270a5ad7e, type: 3}
      propertyPath: m_LocalEulerAnglesHint.z
      value: 0
      objectReference: {fileID: 0}
    - target: {fileID: 2300000, guid: fa4acce95fc047742be9349270a5ad7e, type: 3}
      propertyPath: m_Materials.Array.data[0]
      value: 
      objectReference: {fileID: 2100000, guid: c4e6bd33a6f1b4446a65e9dd6fd7ad0d, type: 2}
    m_RemovedComponents: []
  m_SourcePrefab: {fileID: 100100000, guid: fa4acce95fc047742be9349270a5ad7e, type: 3}
--- !u!4 &1948243895765828675 stripped
Transform:
  m_CorrespondingSourceObject: {fileID: 400000, guid: fa4acce95fc047742be9349270a5ad7e, type: 3}
  m_PrefabInstance: {fileID: 1948243895765966531}
  m_PrefabAsset: {fileID: 0}
--- !u!1001 &2774504402167223330
PrefabInstance:
  m_ObjectHideFlags: 0
  serializedVersion: 2
  m_Modification:
    m_TransformParent: {fileID: 8913512653774598971}
    m_Modifications:
    - target: {fileID: 100000, guid: bbead8b9f061044408b56e9ed643c56c, type: 3}
      propertyPath: m_Name
      value: Turret_RocketTower_L02
      objectReference: {fileID: 0}
    - target: {fileID: 400000, guid: bbead8b9f061044408b56e9ed643c56c, type: 3}
      propertyPath: m_RootOrder
      value: 0
      objectReference: {fileID: 0}
    - target: {fileID: 400000, guid: bbead8b9f061044408b56e9ed643c56c, type: 3}
      propertyPath: m_LocalPosition.x
      value: -0.028320312
      objectReference: {fileID: 0}
    - target: {fileID: 400000, guid: bbead8b9f061044408b56e9ed643c56c, type: 3}
      propertyPath: m_LocalPosition.y
      value: 0.41540527
      objectReference: {fileID: 0}
    - target: {fileID: 400000, guid: bbead8b9f061044408b56e9ed643c56c, type: 3}
      propertyPath: m_LocalPosition.z
      value: 0.098083496
      objectReference: {fileID: 0}
    - target: {fileID: 400000, guid: bbead8b9f061044408b56e9ed643c56c, type: 3}
      propertyPath: m_LocalRotation.w
      value: 1
      objectReference: {fileID: 0}
    - target: {fileID: 400000, guid: bbead8b9f061044408b56e9ed643c56c, type: 3}
      propertyPath: m_LocalRotation.x
      value: -0
      objectReference: {fileID: 0}
    - target: {fileID: 400000, guid: bbead8b9f061044408b56e9ed643c56c, type: 3}
      propertyPath: m_LocalRotation.y
      value: -0
      objectReference: {fileID: 0}
    - target: {fileID: 400000, guid: bbead8b9f061044408b56e9ed643c56c, type: 3}
      propertyPath: m_LocalRotation.z
      value: -0
      objectReference: {fileID: 0}
    - target: {fileID: 400000, guid: bbead8b9f061044408b56e9ed643c56c, type: 3}
      propertyPath: m_LocalEulerAnglesHint.x
      value: 0
      objectReference: {fileID: 0}
    - target: {fileID: 400000, guid: bbead8b9f061044408b56e9ed643c56c, type: 3}
      propertyPath: m_LocalEulerAnglesHint.y
      value: 0
      objectReference: {fileID: 0}
    - target: {fileID: 400000, guid: bbead8b9f061044408b56e9ed643c56c, type: 3}
      propertyPath: m_LocalEulerAnglesHint.z
      value: 0
      objectReference: {fileID: 0}
    - target: {fileID: 2300000, guid: bbead8b9f061044408b56e9ed643c56c, type: 3}
      propertyPath: m_Materials.Array.data[0]
      value: 
      objectReference: {fileID: 2100000, guid: c4e6bd33a6f1b4446a65e9dd6fd7ad0d, type: 2}
    m_RemovedComponents: []
  m_SourcePrefab: {fileID: 100100000, guid: bbead8b9f061044408b56e9ed643c56c, type: 3}
--- !u!4 &2774504402166828706 stripped
Transform:
  m_CorrespondingSourceObject: {fileID: 400000, guid: bbead8b9f061044408b56e9ed643c56c, type: 3}
  m_PrefabInstance: {fileID: 2774504402167223330}
  m_PrefabAsset: {fileID: 0}
