%YAML 1.1
%TAG !u! tag:unity3d.com,2011:
--- !u!1 &4864247520375156172
GameObject:
  m_ObjectHideFlags: 0
  m_CorrespondingSourceObject: {fileID: 0}
  m_PrefabInstance: {fileID: 0}
  m_PrefabAsset: {fileID: 0}
  serializedVersion: 6
  m_Component:
  - component: {fileID: 4864247520375156174}
  - component: {fileID: 8618090591606598298}
  - component: {fileID: 2810845872070063537}
  - component: {fileID: 5044465180145241865}
  m_Layer: 0
  m_Name: MachineGun Lv3
  m_TagString: Untagged
  m_Icon: {fileID: 0}
  m_NavMeshLayer: 0
  m_StaticEditorFlags: 0
  m_IsActive: 1
--- !u!4 &4864247520375156174
Transform:
  m_ObjectHideFlags: 0
  m_CorrespondingSourceObject: {fileID: 0}
  m_PrefabInstance: {fileID: 0}
  m_PrefabAsset: {fileID: 0}
  m_GameObject: {fileID: 4864247520375156172}
  m_LocalRotation: {x: 0, y: 0, z: 0, w: 1}
  m_LocalPosition: {x: 934.82, y: 1734.8, z: 727}
  m_LocalScale: {x: 5.3, y: 5.3, z: 5.3}
  m_Children:
  - {fileID: 4864247520499979129}
  - {fileID: 4864247521887757908}
  m_Father: {fileID: 0}
  m_RootOrder: 0
  m_LocalEulerAnglesHint: {x: 0, y: 0, z: 0}
--- !u!54 &8618090591606598298
Rigidbody:
  m_ObjectHideFlags: 0
  m_CorrespondingSourceObject: {fileID: 0}
  m_PrefabInstance: {fileID: 0}
  m_PrefabAsset: {fileID: 0}
  m_GameObject: {fileID: 4864247520375156172}
  serializedVersion: 2
  m_Mass: 1
  m_Drag: 0
  m_AngularDrag: 0.05
  m_UseGravity: 1
  m_IsKinematic: 0
  m_Interpolate: 0
  m_Constraints: 0
  m_CollisionDetection: 0
--- !u!65 &2810845872070063537
BoxCollider:
  m_ObjectHideFlags: 0
  m_CorrespondingSourceObject: {fileID: 0}
  m_PrefabInstance: {fileID: 0}
  m_PrefabAsset: {fileID: 0}
  m_GameObject: {fileID: 4864247520375156172}
  m_Material: {fileID: 0}
  m_IsTrigger: 0
  m_Enabled: 1
  serializedVersion: 2
  m_Size: {x: 2, y: 2, z: 2}
  m_Center: {x: 0, y: 0.6, z: 0.3}
--- !u!114 &5044465180145241865
MonoBehaviour:
  m_ObjectHideFlags: 0
  m_CorrespondingSourceObject: {fileID: 0}
  m_PrefabInstance: {fileID: 0}
  m_PrefabAsset: {fileID: 0}
  m_GameObject: {fileID: 4864247520375156172}
  m_Enabled: 1
  m_EditorHideFlags: 0
  m_Script: {fileID: 11500000, guid: f4e8081d635130c4cbfb7c034ac44363, type: 3}
  m_Name: 
  m_EditorClassIdentifier: 
  attackDamage: 0
  attackRange: 50
  cooldownTime: 0
  fireRate: 0
  partToRotate: {fileID: 0}
  turnSpeed: 10
  firePoint: {fileID: 0}
  bulletPrefab: {fileID: 0}
--- !u!1001 &4864247520500369899
PrefabInstance:
  m_ObjectHideFlags: 0
  serializedVersion: 2
  m_Modification:
    m_TransformParent: {fileID: 4864247520375156174}
    m_Modifications:
    - target: {fileID: 100018, guid: 9d60d4b172da7814d9c2562f352633f7, type: 3}
      propertyPath: m_Name
      value: Turret_MachineGun_L03
      objectReference: {fileID: 0}
    - target: {fileID: 400018, guid: 9d60d4b172da7814d9c2562f352633f7, type: 3}
      propertyPath: m_RootOrder
      value: 0
      objectReference: {fileID: 0}
    - target: {fileID: 400018, guid: 9d60d4b172da7814d9c2562f352633f7, type: 3}
      propertyPath: m_LocalPosition.x
      value: 0
      objectReference: {fileID: 0}
    - target: {fileID: 400018, guid: 9d60d4b172da7814d9c2562f352633f7, type: 3}
      propertyPath: m_LocalPosition.y
      value: 0
      objectReference: {fileID: 0}
    - target: {fileID: 400018, guid: 9d60d4b172da7814d9c2562f352633f7, type: 3}
      propertyPath: m_LocalPosition.z
      value: 0
      objectReference: {fileID: 0}
    - target: {fileID: 400018, guid: 9d60d4b172da7814d9c2562f352633f7, type: 3}
      propertyPath: m_LocalRotation.w
      value: 1
      objectReference: {fileID: 0}
    - target: {fileID: 400018, guid: 9d60d4b172da7814d9c2562f352633f7, type: 3}
      propertyPath: m_LocalRotation.x
      value: -0
      objectReference: {fileID: 0}
    - target: {fileID: 400018, guid: 9d60d4b172da7814d9c2562f352633f7, type: 3}
      propertyPath: m_LocalRotation.y
      value: -0
      objectReference: {fileID: 0}
    - target: {fileID: 400018, guid: 9d60d4b172da7814d9c2562f352633f7, type: 3}
      propertyPath: m_LocalRotation.z
      value: -0
      objectReference: {fileID: 0}
    - target: {fileID: 400018, guid: 9d60d4b172da7814d9c2562f352633f7, type: 3}
      propertyPath: m_LocalEulerAnglesHint.x
      value: 0
      objectReference: {fileID: 0}
    - target: {fileID: 400018, guid: 9d60d4b172da7814d9c2562f352633f7, type: 3}
      propertyPath: m_LocalEulerAnglesHint.y
      value: 0
      objectReference: {fileID: 0}
    - target: {fileID: 400018, guid: 9d60d4b172da7814d9c2562f352633f7, type: 3}
      propertyPath: m_LocalEulerAnglesHint.z
      value: 0
      objectReference: {fileID: 0}
    - target: {fileID: 2300002, guid: 9d60d4b172da7814d9c2562f352633f7, type: 3}
      propertyPath: m_Materials.Array.data[0]
      value: 
      objectReference: {fileID: 2100000, guid: 36a7ffea989c27f4193fbe54d9facca7, type: 2}
    m_RemovedComponents: []
  m_SourcePrefab: {fileID: 100100000, guid: 9d60d4b172da7814d9c2562f352633f7, type: 3}
--- !u!4 &4864247520499979129 stripped
Transform:
  m_CorrespondingSourceObject: {fileID: 400018, guid: 9d60d4b172da7814d9c2562f352633f7, type: 3}
  m_PrefabInstance: {fileID: 4864247520500369899}
  m_PrefabAsset: {fileID: 0}
--- !u!1001 &4864247521888156884
PrefabInstance:
  m_ObjectHideFlags: 0
  serializedVersion: 2
  m_Modification:
    m_TransformParent: {fileID: 4864247520375156174}
    m_Modifications:
    - target: {fileID: 100000, guid: 5bfbf29c607713542a5660f9ee1028bc, type: 3}
      propertyPath: m_Name
      value: Base_MachineGun_L03
      objectReference: {fileID: 0}
    - target: {fileID: 400000, guid: 5bfbf29c607713542a5660f9ee1028bc, type: 3}
      propertyPath: m_RootOrder
      value: 1
      objectReference: {fileID: 0}
    - target: {fileID: 400000, guid: 5bfbf29c607713542a5660f9ee1028bc, type: 3}
      propertyPath: m_LocalPosition.x
      value: 0.09692383
      objectReference: {fileID: 0}
    - target: {fileID: 400000, guid: 5bfbf29c607713542a5660f9ee1028bc, type: 3}
      propertyPath: m_LocalPosition.y
      value: 0
      objectReference: {fileID: 0}
    - target: {fileID: 400000, guid: 5bfbf29c607713542a5660f9ee1028bc, type: 3}
      propertyPath: m_LocalPosition.z
      value: 0.22625732
      objectReference: {fileID: 0}
    - target: {fileID: 400000, guid: 5bfbf29c607713542a5660f9ee1028bc, type: 3}
      propertyPath: m_LocalRotation.w
      value: 1
      objectReference: {fileID: 0}
    - target: {fileID: 400000, guid: 5bfbf29c607713542a5660f9ee1028bc, type: 3}
      propertyPath: m_LocalRotation.x
      value: -0
      objectReference: {fileID: 0}
    - target: {fileID: 400000, guid: 5bfbf29c607713542a5660f9ee1028bc, type: 3}
      propertyPath: m_LocalRotation.y
      value: -0
      objectReference: {fileID: 0}
    - target: {fileID: 400000, guid: 5bfbf29c607713542a5660f9ee1028bc, type: 3}
      propertyPath: m_LocalRotation.z
      value: -0
      objectReference: {fileID: 0}
    - target: {fileID: 400000, guid: 5bfbf29c607713542a5660f9ee1028bc, type: 3}
      propertyPath: m_LocalEulerAnglesHint.x
      value: 0
      objectReference: {fileID: 0}
    - target: {fileID: 400000, guid: 5bfbf29c607713542a5660f9ee1028bc, type: 3}
      propertyPath: m_LocalEulerAnglesHint.y
      value: 0
      objectReference: {fileID: 0}
    - target: {fileID: 400000, guid: 5bfbf29c607713542a5660f9ee1028bc, type: 3}
      propertyPath: m_LocalEulerAnglesHint.z
      value: 0
      objectReference: {fileID: 0}
    - target: {fileID: 2300002, guid: 5bfbf29c607713542a5660f9ee1028bc, type: 3}
      propertyPath: m_Materials.Array.data[0]
      value: 
      objectReference: {fileID: 2100000, guid: 36a7ffea989c27f4193fbe54d9facca7, type: 2}
    m_RemovedComponents: []
  m_SourcePrefab: {fileID: 100100000, guid: 5bfbf29c607713542a5660f9ee1028bc, type: 3}
--- !u!4 &4864247521887757908 stripped
Transform:
  m_CorrespondingSourceObject: {fileID: 400000, guid: 5bfbf29c607713542a5660f9ee1028bc, type: 3}
  m_PrefabInstance: {fileID: 4864247521888156884}
  m_PrefabAsset: {fileID: 0}
