%YAML 1.1
%TAG !u! tag:unity3d.com,2011:
--- !u!1 &3474056045710172710
GameObject:
  m_ObjectHideFlags: 0
  m_CorrespondingSourceObject: {fileID: 0}
  m_PrefabInstance: {fileID: 0}
  m_PrefabAsset: {fileID: 0}
  serializedVersion: 6
  m_Component:
  - component: {fileID: 3474056045710409222}
  - component: {fileID: 6679478026739720851}
  - component: {fileID: 7499009600502683557}
  - component: {fileID: -6802933517042945127}
  - component: {fileID: 3999556737555831326}
  - component: {fileID: -7043511005022853999}
  m_Layer: 0
  m_Name: BossTank
  m_TagString: Bots
  m_Icon: {fileID: 0}
  m_NavMeshLayer: 0
  m_StaticEditorFlags: 0
  m_IsActive: 1
--- !u!4 &3474056045710409222
Transform:
  m_ObjectHideFlags: 0
  m_CorrespondingSourceObject: {fileID: 0}
  m_PrefabInstance: {fileID: 0}
  m_PrefabAsset: {fileID: 0}
  m_GameObject: {fileID: 3474056045710172710}
  m_LocalRotation: {x: 0, y: 0, z: 0, w: 1}
  m_LocalPosition: {x: 7.17, y: 3.221717, z: -0.009988604}
  m_LocalScale: {x: 2, y: 2, z: 2}
  m_Children:
  - {fileID: 3220514954138944750}
  - {fileID: 2015295054449942174}
  m_Father: {fileID: 0}
  m_RootOrder: 0
  m_LocalEulerAnglesHint: {x: 0, y: 0, z: 0}
--- !u!195 &6679478026739720851
NavMeshAgent:
  m_ObjectHideFlags: 0
  m_CorrespondingSourceObject: {fileID: 0}
  m_PrefabInstance: {fileID: 0}
  m_PrefabAsset: {fileID: 0}
  m_GameObject: {fileID: 3474056045710172710}
  m_Enabled: 1
  m_AgentTypeID: 0
  m_Radius: 4
  m_Speed: 8
  m_Acceleration: 8
  avoidancePriority: 50
  m_AngularSpeed: 360
  m_StoppingDistance: 0
  m_AutoTraverseOffMeshLink: 1
  m_AutoBraking: 1
  m_AutoRepath: 1
  m_Height: 2
  m_BaseOffset: 3
  m_WalkableMask: 4294967295
  m_ObstacleAvoidanceType: 4
--- !u!54 &7499009600502683557
Rigidbody:
  m_ObjectHideFlags: 0
  m_CorrespondingSourceObject: {fileID: 0}
  m_PrefabInstance: {fileID: 0}
  m_PrefabAsset: {fileID: 0}
  m_GameObject: {fileID: 3474056045710172710}
  serializedVersion: 2
  m_Mass: 5000
  m_Drag: 0
  m_AngularDrag: 0.05
  m_UseGravity: 1
  m_IsKinematic: 0
  m_Interpolate: 0
  m_Constraints: 0
  m_CollisionDetection: 2
--- !u!114 &-6802933517042945127
MonoBehaviour:
  m_ObjectHideFlags: 0
  m_CorrespondingSourceObject: {fileID: 0}
  m_PrefabInstance: {fileID: 0}
  m_PrefabAsset: {fileID: 0}
  m_GameObject: {fileID: 3474056045710172710}
  m_Enabled: 1
  m_EditorHideFlags: 0
  m_Script: {fileID: 11500000, guid: c1aa59476be69334e9d1c0f0e846d17d, type: 3}
  m_Name: 
  m_EditorClassIdentifier: 
  health: 240
  explosion: {fileID: -7043511005022853999}
--- !u!136 &3999556737555831326
CapsuleCollider:
  m_ObjectHideFlags: 0
  m_CorrespondingSourceObject: {fileID: 0}
  m_PrefabInstance: {fileID: 0}
  m_PrefabAsset: {fileID: 0}
  m_GameObject: {fileID: 3474056045710172710}
  m_Material: {fileID: 0}
  m_IsTrigger: 0
  m_Enabled: 1
  m_Radius: 4
  m_Height: 0
  m_Direction: 1
  m_Center: {x: 0, y: -3, z: 0}
--- !u!82 &-7043511005022853999
AudioSource:
  m_ObjectHideFlags: 0
  m_CorrespondingSourceObject: {fileID: 0}
  m_PrefabInstance: {fileID: 0}
  m_PrefabAsset: {fileID: 0}
  m_GameObject: {fileID: 3474056045710172710}
  m_Enabled: 1
  serializedVersion: 4
  OutputAudioMixerGroup: {fileID: 0}
  m_audioClip: {fileID: 8300000, guid: ded8dc755033747d1b684ba9ec6ebfb1, type: 3}
  m_PlayOnAwake: 0
  m_Volume: 1
  m_Pitch: 1
  Loop: 0
  Mute: 0
  Spatialize: 0
  SpatializePostEffects: 0
  Priority: 128
  DopplerLevel: 1
  MinDistance: 1
  MaxDistance: 500
  Pan2D: 0
  rolloffMode: 0
  BypassEffects: 1
  BypassListenerEffects: 0
  BypassReverbZones: 0
  rolloffCustomCurve:
    serializedVersion: 2
    m_Curve:
    - serializedVersion: 3
      time: 0
      value: 1
      inSlope: 0
      outSlope: 0
      tangentMode: 0
      weightedMode: 0
      inWeight: 0.33333334
      outWeight: 0.33333334
    - serializedVersion: 3
      time: 1
      value: 0
      inSlope: 0
      outSlope: 0
      tangentMode: 0
      weightedMode: 0
      inWeight: 0.33333334
      outWeight: 0.33333334
    m_PreInfinity: 2
    m_PostInfinity: 2
    m_RotationOrder: 4
  panLevelCustomCurve:
    serializedVersion: 2
    m_Curve:
    - serializedVersion: 3
      time: 0
      value: 0
      inSlope: 0
      outSlope: 0
      tangentMode: 0
      weightedMode: 0
      inWeight: 0.33333334
      outWeight: 0.33333334
    m_PreInfinity: 2
    m_PostInfinity: 2
    m_RotationOrder: 4
  spreadCustomCurve:
    serializedVersion: 2
    m_Curve:
    - serializedVersion: 3
      time: 0
      value: 0
      inSlope: 0
      outSlope: 0
      tangentMode: 0
      weightedMode: 0
      inWeight: 0.33333334
      outWeight: 0.33333334
    m_PreInfinity: 2
    m_PostInfinity: 2
    m_RotationOrder: 4
  reverbZoneMixCustomCurve:
    serializedVersion: 2
    m_Curve:
    - serializedVersion: 3
      time: 0
      value: 1
      inSlope: 0
      outSlope: 0
      tangentMode: 0
      weightedMode: 0
      inWeight: 0.33333334
      outWeight: 0.33333334
    m_PreInfinity: 2
    m_PostInfinity: 2
    m_RotationOrder: 4
--- !u!1001 &2052934795497470325
PrefabInstance:
  m_ObjectHideFlags: 0
  serializedVersion: 2
  m_Modification:
    m_TransformParent: {fileID: 3474056045710409222}
    m_Modifications:
    - target: {fileID: -8679921383154817045, guid: 36022ff4e4af0ad4aace14d878c74160, type: 3}
      propertyPath: m_RootOrder
      value: 1
      objectReference: {fileID: 0}
    - target: {fileID: -8679921383154817045, guid: 36022ff4e4af0ad4aace14d878c74160, type: 3}
      propertyPath: m_LocalPosition.x
      value: 0.40999985
      objectReference: {fileID: 0}
    - target: {fileID: -8679921383154817045, guid: 36022ff4e4af0ad4aace14d878c74160, type: 3}
      propertyPath: m_LocalPosition.y
      value: -0.058060408
      objectReference: {fileID: 0}
    - target: {fileID: -8679921383154817045, guid: 36022ff4e4af0ad4aace14d878c74160, type: 3}
      propertyPath: m_LocalPosition.z
      value: -0.1600114
      objectReference: {fileID: 0}
    - target: {fileID: -8679921383154817045, guid: 36022ff4e4af0ad4aace14d878c74160, type: 3}
      propertyPath: m_LocalRotation.w
      value: 1
      objectReference: {fileID: 0}
    - target: {fileID: -8679921383154817045, guid: 36022ff4e4af0ad4aace14d878c74160, type: 3}
      propertyPath: m_LocalRotation.x
      value: -0
      objectReference: {fileID: 0}
    - target: {fileID: -8679921383154817045, guid: 36022ff4e4af0ad4aace14d878c74160, type: 3}
      propertyPath: m_LocalRotation.y
      value: -0
      objectReference: {fileID: 0}
    - target: {fileID: -8679921383154817045, guid: 36022ff4e4af0ad4aace14d878c74160, type: 3}
      propertyPath: m_LocalRotation.z
      value: -0
      objectReference: {fileID: 0}
    - target: {fileID: -8679921383154817045, guid: 36022ff4e4af0ad4aace14d878c74160, type: 3}
      propertyPath: m_LocalEulerAnglesHint.x
      value: 0
      objectReference: {fileID: 0}
    - target: {fileID: -8679921383154817045, guid: 36022ff4e4af0ad4aace14d878c74160, type: 3}
      propertyPath: m_LocalEulerAnglesHint.y
      value: 0
      objectReference: {fileID: 0}
    - target: {fileID: -8679921383154817045, guid: 36022ff4e4af0ad4aace14d878c74160, type: 3}
      propertyPath: m_LocalEulerAnglesHint.z
      value: 0
      objectReference: {fileID: 0}
    - target: {fileID: -7511558181221131132, guid: 36022ff4e4af0ad4aace14d878c74160, type: 3}
      propertyPath: m_Materials.Array.data[0]
      value: 
      objectReference: {fileID: 2100000, guid: cc69fa70a7abd8a4cab220051edda23e, type: 2}
    - target: {fileID: 919132149155446097, guid: 36022ff4e4af0ad4aace14d878c74160, type: 3}
      propertyPath: m_Name
      value: BossTank_Turret
      objectReference: {fileID: 0}
    m_RemovedComponents: []
  m_SourcePrefab: {fileID: 100100000, guid: 36022ff4e4af0ad4aace14d878c74160, type: 3}
--- !u!4 &2015295054449942174 stripped
Transform:
  m_CorrespondingSourceObject: {fileID: -8679921383154817045, guid: 36022ff4e4af0ad4aace14d878c74160, type: 3}
  m_PrefabInstance: {fileID: 2052934795497470325}
  m_PrefabAsset: {fileID: 0}
--- !u!1001 &3115127774649803525
PrefabInstance:
  m_ObjectHideFlags: 0
  serializedVersion: 2
  m_Modification:
    m_TransformParent: {fileID: 3474056045710409222}
    m_Modifications:
    - target: {fileID: -8679921383154817045, guid: c6a7f6c11e88c194c855c5a093514d38, type: 3}
      propertyPath: m_RootOrder
      value: 0
      objectReference: {fileID: 0}
    - target: {fileID: -8679921383154817045, guid: c6a7f6c11e88c194c855c5a093514d38, type: 3}
      propertyPath: m_LocalPosition.x
      value: 0
      objectReference: {fileID: 0}
    - target: {fileID: -8679921383154817045, guid: c6a7f6c11e88c194c855c5a093514d38, type: 3}
      propertyPath: m_LocalPosition.y
      value: 0
      objectReference: {fileID: 0}
    - target: {fileID: -8679921383154817045, guid: c6a7f6c11e88c194c855c5a093514d38, type: 3}
      propertyPath: m_LocalPosition.z
      value: 0
      objectReference: {fileID: 0}
    - target: {fileID: -8679921383154817045, guid: c6a7f6c11e88c194c855c5a093514d38, type: 3}
      propertyPath: m_LocalRotation.w
      value: 1
      objectReference: {fileID: 0}
    - target: {fileID: -8679921383154817045, guid: c6a7f6c11e88c194c855c5a093514d38, type: 3}
      propertyPath: m_LocalRotation.x
      value: -0
      objectReference: {fileID: 0}
    - target: {fileID: -8679921383154817045, guid: c6a7f6c11e88c194c855c5a093514d38, type: 3}
      propertyPath: m_LocalRotation.y
      value: -0
      objectReference: {fileID: 0}
    - target: {fileID: -8679921383154817045, guid: c6a7f6c11e88c194c855c5a093514d38, type: 3}
      propertyPath: m_LocalRotation.z
      value: -0
      objectReference: {fileID: 0}
    - target: {fileID: -8679921383154817045, guid: c6a7f6c11e88c194c855c5a093514d38, type: 3}
      propertyPath: m_LocalEulerAnglesHint.x
      value: 0
      objectReference: {fileID: 0}
    - target: {fileID: -8679921383154817045, guid: c6a7f6c11e88c194c855c5a093514d38, type: 3}
      propertyPath: m_LocalEulerAnglesHint.y
      value: 0
      objectReference: {fileID: 0}
    - target: {fileID: -8679921383154817045, guid: c6a7f6c11e88c194c855c5a093514d38, type: 3}
      propertyPath: m_LocalEulerAnglesHint.z
      value: 0
      objectReference: {fileID: 0}
    - target: {fileID: 919132149155446097, guid: c6a7f6c11e88c194c855c5a093514d38, type: 3}
      propertyPath: m_Name
      value: BossTank_Base
      objectReference: {fileID: 0}
    - target: {fileID: 5917893844142046307, guid: c6a7f6c11e88c194c855c5a093514d38, type: 3}
      propertyPath: m_Materials.Array.data[0]
      value: 
      objectReference: {fileID: 2100000, guid: cc69fa70a7abd8a4cab220051edda23e, type: 2}
    m_RemovedComponents: []
  m_SourcePrefab: {fileID: 100100000, guid: c6a7f6c11e88c194c855c5a093514d38, type: 3}
--- !u!4 &3220514954138944750 stripped
Transform:
  m_CorrespondingSourceObject: {fileID: -8679921383154817045, guid: c6a7f6c11e88c194c855c5a093514d38, type: 3}
  m_PrefabInstance: {fileID: 3115127774649803525}
  m_PrefabAsset: {fileID: 0}
