%YAML 1.1
%TAG !u! tag:unity3d.com,2011:
--- !u!1 &6392160541929768961
GameObject:
  m_ObjectHideFlags: 0
  m_CorrespondingSourceObject: {fileID: 0}
  m_PrefabInstance: {fileID: 0}
  m_PrefabAsset: {fileID: 0}
  serializedVersion: 6
  m_Component:
  - component: {fileID: 6392160541929477153}
  - component: {fileID: -5548873437409572796}
  - component: {fileID: 4558553377765962561}
  - component: {fileID: -4810998107962088693}
  - component: {fileID: 4546456685022159242}
  - component: {fileID: 4262326738720040364}
  m_Layer: 0
  m_Name: HoverTank
  m_TagString: Bots
  m_Icon: {fileID: 0}
  m_NavMeshLayer: 0
  m_StaticEditorFlags: 0
  m_IsActive: 1
--- !u!4 &6392160541929477153
Transform:
  m_ObjectHideFlags: 0
  m_CorrespondingSourceObject: {fileID: 0}
  m_PrefabInstance: {fileID: 0}
  m_PrefabAsset: {fileID: 0}
  m_GameObject: {fileID: 6392160541929768961}
  m_LocalRotation: {x: 0, y: 0, z: 0, w: 1}
  m_LocalPosition: {x: -4.634, y: 1.9299529, z: -0.727}
  m_LocalScale: {x: 3, y: 3, z: 3}
  m_Children:
  - {fileID: 3424878670129526266}
  - {fileID: 6983634559419544473}
  m_Father: {fileID: 0}
  m_RootOrder: 0
  m_LocalEulerAnglesHint: {x: 0, y: 0, z: 0}
--- !u!195 &-5548873437409572796
NavMeshAgent:
  m_ObjectHideFlags: 0
  m_CorrespondingSourceObject: {fileID: 0}
  m_PrefabInstance: {fileID: 0}
  m_PrefabAsset: {fileID: 0}
  m_GameObject: {fileID: 6392160541929768961}
  m_Enabled: 1
  m_AgentTypeID: 0
  m_Radius: 3
  m_Speed: 12
  m_Acceleration: 8
  avoidancePriority: 50
  m_AngularSpeed: 360
  m_StoppingDistance: 0
  m_AutoTraverseOffMeshLink: 1
  m_AutoBraking: 1
  m_AutoRepath: 1
  m_Height: 2.5
  m_BaseOffset: 2
  m_WalkableMask: 4294967295
  m_ObstacleAvoidanceType: 4
--- !u!54 &4558553377765962561
Rigidbody:
  m_ObjectHideFlags: 0
  m_CorrespondingSourceObject: {fileID: 0}
  m_PrefabInstance: {fileID: 0}
  m_PrefabAsset: {fileID: 0}
  m_GameObject: {fileID: 6392160541929768961}
  serializedVersion: 2
  m_Mass: 5000
  m_Drag: 0
  m_AngularDrag: 0.05
  m_UseGravity: 1
  m_IsKinematic: 0
  m_Interpolate: 0
  m_Constraints: 0
  m_CollisionDetection: 2
--- !u!114 &-4810998107962088693
MonoBehaviour:
  m_ObjectHideFlags: 0
  m_CorrespondingSourceObject: {fileID: 0}
  m_PrefabInstance: {fileID: 0}
  m_PrefabAsset: {fileID: 0}
  m_GameObject: {fileID: 6392160541929768961}
  m_Enabled: 1
  m_EditorHideFlags: 0
  m_Script: {fileID: 11500000, guid: c1aa59476be69334e9d1c0f0e846d17d, type: 3}
  m_Name: 
  m_EditorClassIdentifier: 
  health: 180
  explosion: {fileID: 4262326738720040364}
--- !u!136 &4546456685022159242
CapsuleCollider:
  m_ObjectHideFlags: 0
  m_CorrespondingSourceObject: {fileID: 0}
  m_PrefabInstance: {fileID: 0}
  m_PrefabAsset: {fileID: 0}
  m_GameObject: {fileID: 6392160541929768961}
  m_Material: {fileID: 0}
  m_IsTrigger: 0
  m_Enabled: 1
  m_Radius: 3
  m_Height: 0
  m_Direction: 1
  m_Center: {x: 0, y: -1, z: 0}
--- !u!82 &4262326738720040364
AudioSource:
  m_ObjectHideFlags: 0
  m_CorrespondingSourceObject: {fileID: 0}
  m_PrefabInstance: {fileID: 0}
  m_PrefabAsset: {fileID: 0}
  m_GameObject: {fileID: 6392160541929768961}
  m_Enabled: 1
  serializedVersion: 4
  OutputAudioMixerGroup: {fileID: 0}
  m_audioClip: {fileID: 8300000, guid: f0f4d264bc72b4d0a8832cff5dd5a1de, type: 3}
  m_PlayOnAwake: 0
  m_Volume: 1
  m_Pitch: 1
  Loop: 0
  Mute: 0
  Spatialize: 0
  SpatializePostEffects: 0
  Priority: 128
  DopplerLevel: 1
  MinDistance: 1
  MaxDistance: 500
  Pan2D: 0
  rolloffMode: 0
  BypassEffects: 0
  BypassListenerEffects: 0
  BypassReverbZones: 0
  rolloffCustomCurve:
    serializedVersion: 2
    m_Curve:
    - serializedVersion: 3
      time: 0
      value: 1
      inSlope: 0
      outSlope: 0
      tangentMode: 0
      weightedMode: 0
      inWeight: 0.33333334
      outWeight: 0.33333334
    - serializedVersion: 3
      time: 1
      value: 0
      inSlope: 0
      outSlope: 0
      tangentMode: 0
      weightedMode: 0
      inWeight: 0.33333334
      outWeight: 0.33333334
    m_PreInfinity: 2
    m_PostInfinity: 2
    m_RotationOrder: 4
  panLevelCustomCurve:
    serializedVersion: 2
    m_Curve:
    - serializedVersion: 3
      time: 0
      value: 1
      inSlope: 0
      outSlope: 0
      tangentMode: 0
      weightedMode: 0
      inWeight: 0.33333334
      outWeight: 0.33333334
    m_PreInfinity: 2
    m_PostInfinity: 2
    m_RotationOrder: 4
  spreadCustomCurve:
    serializedVersion: 2
    m_Curve:
    - serializedVersion: 3
      time: 0
      value: 0
      inSlope: 0
      outSlope: 0
      tangentMode: 0
      weightedMode: 0
      inWeight: 0.33333334
      outWeight: 0.33333334
    m_PreInfinity: 2
    m_PostInfinity: 2
    m_RotationOrder: 4
  reverbZoneMixCustomCurve:
    serializedVersion: 2
    m_Curve:
    - serializedVersion: 3
      time: 0
      value: 1
      inSlope: 0
      outSlope: 0
      tangentMode: 0
      weightedMode: 0
      inWeight: 0.33333334
      outWeight: 0.33333334
    m_PreInfinity: 2
    m_PostInfinity: 2
    m_RotationOrder: 4
--- !u!1001 &2886003052506812945
PrefabInstance:
  m_ObjectHideFlags: 0
  serializedVersion: 2
  m_Modification:
    m_TransformParent: {fileID: 6392160541929477153}
    m_Modifications:
    - target: {fileID: -8679921383154817045, guid: 188082b9fdd65f541812de03359f2fe1, type: 3}
      propertyPath: m_RootOrder
      value: 0
      objectReference: {fileID: 0}
    - target: {fileID: -8679921383154817045, guid: 188082b9fdd65f541812de03359f2fe1, type: 3}
      propertyPath: m_LocalPosition.x
      value: -0.031498652
      objectReference: {fileID: 0}
    - target: {fileID: -8679921383154817045, guid: 188082b9fdd65f541812de03359f2fe1, type: 3}
      propertyPath: m_LocalPosition.y
      value: -0.7334696
      objectReference: {fileID: 0}
    - target: {fileID: -8679921383154817045, guid: 188082b9fdd65f541812de03359f2fe1, type: 3}
      propertyPath: m_LocalPosition.z
      value: 0.71074456
      objectReference: {fileID: 0}
    - target: {fileID: -8679921383154817045, guid: 188082b9fdd65f541812de03359f2fe1, type: 3}
      propertyPath: m_LocalRotation.w
      value: 1
      objectReference: {fileID: 0}
    - target: {fileID: -8679921383154817045, guid: 188082b9fdd65f541812de03359f2fe1, type: 3}
      propertyPath: m_LocalRotation.x
      value: -0
      objectReference: {fileID: 0}
    - target: {fileID: -8679921383154817045, guid: 188082b9fdd65f541812de03359f2fe1, type: 3}
      propertyPath: m_LocalRotation.y
      value: -0
      objectReference: {fileID: 0}
    - target: {fileID: -8679921383154817045, guid: 188082b9fdd65f541812de03359f2fe1, type: 3}
      propertyPath: m_LocalRotation.z
      value: -0
      objectReference: {fileID: 0}
    - target: {fileID: -8679921383154817045, guid: 188082b9fdd65f541812de03359f2fe1, type: 3}
      propertyPath: m_LocalEulerAnglesHint.x
      value: 0
      objectReference: {fileID: 0}
    - target: {fileID: -8679921383154817045, guid: 188082b9fdd65f541812de03359f2fe1, type: 3}
      propertyPath: m_LocalEulerAnglesHint.y
      value: 0
      objectReference: {fileID: 0}
    - target: {fileID: -8679921383154817045, guid: 188082b9fdd65f541812de03359f2fe1, type: 3}
      propertyPath: m_LocalEulerAnglesHint.z
      value: 0
      objectReference: {fileID: 0}
    - target: {fileID: -8114033471809764955, guid: 188082b9fdd65f541812de03359f2fe1, type: 3}
      propertyPath: m_Materials.Array.data[0]
      value: 
      objectReference: {fileID: 2100000, guid: 5694b141fdeef254d8fd282fa1d95350, type: 2}
    - target: {fileID: 919132149155446097, guid: 188082b9fdd65f541812de03359f2fe1, type: 3}
      propertyPath: m_Name
      value: HoverTank_Base
      objectReference: {fileID: 0}
    m_RemovedComponents: []
  m_SourcePrefab: {fileID: 100100000, guid: 188082b9fdd65f541812de03359f2fe1, type: 3}
--- !u!4 &3424878670129526266 stripped
Transform:
  m_CorrespondingSourceObject: {fileID: -8679921383154817045, guid: 188082b9fdd65f541812de03359f2fe1, type: 3}
  m_PrefabInstance: {fileID: 2886003052506812945}
  m_PrefabAsset: {fileID: 0}
--- !u!1001 &7449063584474764402
PrefabInstance:
  m_ObjectHideFlags: 0
  serializedVersion: 2
  m_Modification:
    m_TransformParent: {fileID: 6392160541929477153}
    m_Modifications:
    - target: {fileID: -8679921383154817045, guid: e5a6f4a02ccea36428421b19e0c25785, type: 3}
      propertyPath: m_RootOrder
      value: 1
      objectReference: {fileID: 0}
    - target: {fileID: -8679921383154817045, guid: e5a6f4a02ccea36428421b19e0c25785, type: 3}
      propertyPath: m_LocalPosition.x
      value: 0
      objectReference: {fileID: 0}
    - target: {fileID: -8679921383154817045, guid: e5a6f4a02ccea36428421b19e0c25785, type: 3}
      propertyPath: m_LocalPosition.y
      value: 0
      objectReference: {fileID: 0}
    - target: {fileID: -8679921383154817045, guid: e5a6f4a02ccea36428421b19e0c25785, type: 3}
      propertyPath: m_LocalPosition.z
      value: 0
      objectReference: {fileID: 0}
    - target: {fileID: -8679921383154817045, guid: e5a6f4a02ccea36428421b19e0c25785, type: 3}
      propertyPath: m_LocalRotation.w
      value: 1
      objectReference: {fileID: 0}
    - target: {fileID: -8679921383154817045, guid: e5a6f4a02ccea36428421b19e0c25785, type: 3}
      propertyPath: m_LocalRotation.x
      value: -0
      objectReference: {fileID: 0}
    - target: {fileID: -8679921383154817045, guid: e5a6f4a02ccea36428421b19e0c25785, type: 3}
      propertyPath: m_LocalRotation.y
      value: -0
      objectReference: {fileID: 0}
    - target: {fileID: -8679921383154817045, guid: e5a6f4a02ccea36428421b19e0c25785, type: 3}
      propertyPath: m_LocalRotation.z
      value: -0
      objectReference: {fileID: 0}
    - target: {fileID: -8679921383154817045, guid: e5a6f4a02ccea36428421b19e0c25785, type: 3}
      propertyPath: m_LocalEulerAnglesHint.x
      value: 0
      objectReference: {fileID: 0}
    - target: {fileID: -8679921383154817045, guid: e5a6f4a02ccea36428421b19e0c25785, type: 3}
      propertyPath: m_LocalEulerAnglesHint.y
      value: 0
      objectReference: {fileID: 0}
    - target: {fileID: -8679921383154817045, guid: e5a6f4a02ccea36428421b19e0c25785, type: 3}
      propertyPath: m_LocalEulerAnglesHint.z
      value: 0
      objectReference: {fileID: 0}
    - target: {fileID: -7511558181221131132, guid: e5a6f4a02ccea36428421b19e0c25785, type: 3}
      propertyPath: m_Materials.Array.data[0]
      value: 
      objectReference: {fileID: 2100000, guid: 5694b141fdeef254d8fd282fa1d95350, type: 2}
    - target: {fileID: 919132149155446097, guid: e5a6f4a02ccea36428421b19e0c25785, type: 3}
      propertyPath: m_Name
      value: HoverTank_Turret
      objectReference: {fileID: 0}
    m_RemovedComponents: []
  m_SourcePrefab: {fileID: 100100000, guid: e5a6f4a02ccea36428421b19e0c25785, type: 3}
--- !u!4 &6983634559419544473 stripped
Transform:
  m_CorrespondingSourceObject: {fileID: -8679921383154817045, guid: e5a6f4a02ccea36428421b19e0c25785, type: 3}
  m_PrefabInstance: {fileID: 7449063584474764402}
  m_PrefabAsset: {fileID: 0}
